@Book{ggplot2,
    author = {Hadley Wickham},
    title = {ggplot2: elegant graphics for data analysis},
    publisher = {Springer New York},
    year = {2009},
    isbn = {978-0-387-98140-6},
    url = {http://had.co.nz/ggplot2/book},
  }

@Manual{dplyr,
    title = {dplyr: A Grammar of Data Manipulation},
    author = {Hadley Wickham and Romain Francois},
    year = {2015},
    note = {R package version 0.4.1},
    url = {http://CRAN.R-project.org/package=dplyr},
  }


@Article{randomForest,
    title = {Classification and Regression by randomForest},
    author = {Andy Liaw and Matthew Wiener},
    journal = {R News},
    year = {2002},
    volume = {2},
    number = {3},
    pages = {18-22},
    url = {http://CRAN.R-project.org/doc/Rnews/},
  }

@Manual{R,
    title = {R: A Language and Environment for Statistical Computing},
    author = {{R Core Team}},
    organization = {R Foundation for Statistical Computing},
    address = {Vienna, Austria},
    year = {2014},
    url = {http://www.R-project.org/},
  }


@Manual{gridExtra,
    title = {gridExtra: functions in Grid graphics},
    author = {Baptiste Auguie},
    year = {2012},
    note = {R package version 0.9.1},
    url = {http://CRAN.R-project.org/package=gridExtra},
  }

@Manual{knitr,
    title = {A General Purpose Package for Dynamic Report Generation in R},
    author = {Yihui Xie},
    year = {2015},
    url = {http://cran.r-project.org/web/packages/knitr/knitr.pdf},
}


@Manual{Matrix,
   title={Sparse and Dense Matrix Classes and Methods},
   author = {Douglas Bates},
   year={2015},
   url = {http://cran.r-project.org/web/packages/Matrix/Matrix.pdf},
}

@Manual{mice,
    title={Multivariate Imputation by Chained Equation},
    author={Stef van Buuren and Karin Groothuis-Oudshoorn},
    year={2014},
    url={http://cran.r-project.org/web/packages/mice/mice.pdf},
}

@Manual{cluster,
    title={Cluster Analysis Extended Rousseeuw et al.},
    author={Martin Maechler et al.},
    year={2015},
    url={http://cran.r-project.org/web/packages/cluster/cluster.pdf},
}

@Manual{fpc,
    title={Flexible procedures for clustering},
    author={Christian Hennig},
    year={2014},
    url={http://cran.r-project.org/web/packages/fpc/fpc.pdf},
}

@Manual{vegan,
    title={Community Ecology Package},
    author={Jari Oksanen, F. Guillaume Blanchet, Roeland Kindt, Pierre Legendre,
Peter R. Minchin, R. B. O'Hara, Gavin L. Simpson, Peter Solymos,
M. Henry H. Stevens, and Helene Wagn},
    year={2015},
    url={http://cran.r-project.org/web/packages/vegan/vegan.pdf},
}

@Manual{reshape2,
    title={Flexibly Reshape Data: A Reboot of the Reshape Package},
    author={Hadley Wickham},
    year={2015},
    url={http://cran.r-project.org/web/packages/reshape2/reshape2.pdf},
}

@Manual{tuneR,
    title={Analysis of music and speech},
    author={Uwe Ligges},
    year={2014},
    url={http://cran.r-project.org/web/packages/tuneR/tuneR.pdf},
}

@Manual{RCurl,
    title={General network client interface for R},
    author={Ducan Temple Lang},
    year={2015},
    url={http://cran.r-project.org/web/packages/RCurl/RCurl.pdf},
}

@Manual{tidyr,
    title={Easily Tidy Data with spread and gather Function},
    author={Hadley Wickham},
    year={2014},
    url={http://cran.r-project.org/web/packages/tidyr/tidyr.pdf},
}

@Manual{XML,
    title={Tools for parsing and generating XML within R and S-Plus},
    author={Duncan Temple Lang},
    year={2015},
    url={http://www.omegahat.org/RSXML},
}

@Manual{nlme,
    title={Linear and Nonlinear Mixed Effects Models},
    author={José Pinheiro, Douglas Bates, Saikat DebRoy, Deepayan Sarkar, EISPACK authors, R-core},
    year={2015},
    url={http://bugs.r-project.org},
}
@article{blei2003latent,
  title={Latent dirichlet allocation},
  author={Blei, David M and Ng, Andrew Y and Jordan, Michael I},
  journal={Journal of machine Learning research},
  volume={3},
  number={Jan},
  pages={993--1022},
  year={2003}
}
@Manual{openNLP,
    title={Apache OpenNLP Tools Interface},
    author={Kurt Hornik},
    year={2016},
    url={https://cran.r-project.org/web/packages/openNLP/openNLP.pdf},
}
@Manual{NLP,
    title={Natural Language Processing Infrastructure},
    author={Kurt Hornik},
    year={2016},
    url={https://cran.r-project.org/web/packages/NLP/NLP.pdf},
}
@Manual{topicmodels,
    title={Topic Models},
    author={Bettina Grün, Kurt Hornik},
    year={2016},
    url={https://cran.r-project.org/web/packages/topicmodels/topicmodels.pdf},
}
@Manual{tm,
    title={Text Mining Package},
    author={Ingo Feinerer, Kurt Hornik, Artifex Software, Inc.},
    year={2015},
    url={https://cran.r-project.org/web/packages/tm/tm.pdf},
}
@Manual{RTextTools,
    title={Automatic Text Classification via Supervised Learning},
    author={Timothy P. Jurka, Loren Collingwood, Amber E. Boydstun,
Emiliano Grossman, Wouter van Atteveldt},
    year={2014},
    url={https://cran.r-project.org/web/packages/RTextTools/RTextTools.pdf},
}
@Manual{SnowballC,
    title={Snowball stemmers based on the C libstemmer UTF-8 library},
    author={Milan Bouchet-Valat},
    year={2014},
    url={https://cran.r-project.org/web/packages/SnowballC/SnowballC.pdf},
}
@Manual{rvest,
    title={Easily Harvest (Scrape) Web Pages},
    author={Hadley Wickham [aut, cre], RStudio [cph]},
    year={2016},
    url={https://cran.r-project.org/web/packages/rvest/rvest.pdf},
}
